@book{fano1971number,
    title = {On the Number of Bits Required to Implement an Associative Memory},
    author = {Fano, R.M.},
    series = {Computation Structures Group Memo},
    url = {https://books.google.it/books?id=07DeGwAACAAJ},
    year = {1971},
    publisher = {MIT Project MAC Computer Structures Group},
}

@article{10.1145/321812.321820,
    author = {Elias, Peter},
    title = {Efficient Storage and Retrieval by Content and Address of Static
             Files},
    year = {1974},
    publisher = {Association for Computing Machinery},
}

@phdthesis{10.5555/915547,
    author = {Jacobson, Guy Joseph},
    title = {Succinct static data structures},
    year = {1988},
    publisher = {Carnegie Mellon University},
}

@inproceedings{10.1007/978-3-540-68552-4_12,
    author = "Vigna, Sebastiano",
    title = "Broadword Implementation of Rank/Select Queries",
    booktitle = "Experimental Algorithms",
    year = "2008",
    publisher = "Springer Berlin Heidelberg",
    pages = "154--168",
}
